@article{christensen2018transparency,
  title={Transparency, reproducibility, and the credibility of economics research},
  author={Christensen, Garret and Miguel, Edward},
  journal={Journal of Economic Literature},
  volume={56},
  number={3},
  pages={920--80},
  year={2018}
}

@article{duvendack2017meant,
  title={What Is Meant by ``Replication'' and Why Does It Encounter Resistance in Economics?},
  author={Duvendack, Maren and Palmer-Jones, Richard and Reed, W Robert},
  journal={American Economic Review},
  volume={107},
  number={5},
  pages={46--51},
  year={2017}
}

@article{ioannidis2017power,
  title={The power of bias in economics research},
  author={Ioannidis, John PA and Stanley, Tom D and Doucouliagos, Hristos},
  journal={The Economic Journal},
  year={2017},
}

@article{simonsohn2014p,
  title={P-curve: a key to the file-drawer.},
  author={Simonsohn, Uri and Nelson, Leif D and Simmons, Joseph P},
  journal={Journal of Experimental Psychology: General},
  volume={143},
  number={2},
  pages={534},
  year={2014},
  publisher={American Psychological Association}
}

@article{ioannidis2005most,
  title={Why most published research findings are false},
  author={Ioannidis, John PA},
  journal={PLoS medicine},
  volume={2},
  number={8},
  pages={e124},
  year={2005},
  publisher={Public Library of Science}
}

@article{simmons2011false,
  title={False-positive psychology: Undisclosed flexibility in data collection and analysis allows presenting anything as significant},
  author={Simmons, Joseph P and Nelson, Leif D and Simonsohn, Uri},
  journal={Psychological science},
  volume={22},
  number={11},
  pages={1359--1366},
  year={2011},
  publisher={Sage Publications Sage CA: Los Angeles, CA}
}

@article{wicherts2016degrees,
  title={Degrees of freedom in planning, running, analyzing, and reporting psychological studies: A checklist to avoid p-hacking},
  author={Wicherts, Jelte M and Veldkamp, Coosje LS and Augusteijn, Hilde EM and Bakker, Marjan and Van Aert, Robbie and Van Assen, Marcel ALM},
  journal={Frontiers in Psychology},
  volume={7},
  pages={1832},
  year={2016},
  publisher={Frontiers}
}

@article{olken2015promises,
  title={Promises and perils of pre-analysis plans},
  author={Olken, Benjamin A},
  journal={Journal of Economic Perspectives},
  volume={29},
  number={3},
  pages={61--80},
  year={2015}
}

@article{matthews2011data,
  title={Data confidentiality: A review of methods for statistical disclosure limitation and methods for assessing privacy},
  author={Matthews, Gregory J and Harel, Ofer and others},
  journal={Statistics Surveys},
  volume={5},
  pages={1--29},
  year={2011},
  publisher={The author, under a Creative Commons Attribution License}
}

@article{rogers_2017,
  title={The Dismal Science Remains Dismal, Say Scientists},
  journal={Wired}, publisher={Wired},
  author={Rogers, Adam}, year={2017}, month={Nov}}

@article{angrist2017economic,
  title={Economic research evolves: Fields and styles},
  author={Angrist, Joshua and Azoulay, Pierre and Ellison, Glenn and Hill, Ryan and Lu, Susan Feng},
  journal={American Economic Review},
  volume={107},
  number={5},
  pages={293--97},
  year={2017}
}

@BOOK{Tufte2006,
	author = {Edward R. Tufte},
	title = {Beautiful Evidence},
	year = {2006},
	publisher = {Graphics Press, {LLC}},
	month = {May},
	edition = {First},
	place = {Cheshire, Connecticut},
	isbn = {0-9613921-7-7}
}

@BOOK{Tufte2001,
	author = {Edward R. Tufte},
	title = {The Visual Display of Quantitative Information},
	publisher = {Graphics Press},
	year = {2001},
	address = {Cheshire, Connecticut},
	isbn = {0-9613921-4-2}
}

@BOOK{Tufte1990,
	author = {Edward R. Tufte},
	title = {Envisioning Information},
	publisher = {Graphics Press},
	year = {1990},
	address = {Cheshire, Connecticut},
	isbn = {0-9613921-1-8}
}

@BOOK{Tufte1997,
	author = {Edward R. Tufte},
	title = {Visual Explanations},
	publisher = {Graphics Press},
	year = {1997},
	address = {Cheshire, Connecticut},
	isbn = {0-9613921-2-6}
}

@BOOK{Bringhurst2005,
	author = {Robert Bringhurst},
	title = {The Elements of Typography},
	publisher = {Hartley \& Marks},
	year = {2005},
	edition = {3.1},
	isbn = {0-88179-205-5}
}

@BOOK{Mittelbach2004,
	author = {Frank Mittelbach and Michel Goossens},
	title = {The \LaTeX\ Companion},
	publisher = {Addison--Wesley},
	year = {2004},
	edition = {Second},
	isbn = {0-201-36299-6}
}

@MISC{pkg-geometry,
    author = {Hideo Umeki},
    title = {The \texttt{geometry} package},
    year = {2008},
    month = dec,
    howpublished = {\url{http://ctan.org/pkg/geometry}}
}
