@article{flom2005latex,
  title={{LaTeX} for academics and researchers who (think they) don't need it},
  author={Flom, Peter},
  journal={The PracTEX Journal},
  volume={4},
  year={2005},
  publisher={Citeseer}
}
